<?xml version="1.0" encoding="UTF-8"?><record xmlns="http://www.loc.gov/MARC21/slim" xmlns:cinclude="http://apache.org/cocoon/include/1.0" xmlns:zs="http://www.loc.gov/zing/srw/">
  <leader>00685cz  a2200133n  4500</leader>
  <controlfield tag="001">no 94029702 </controlfield>
  <controlfield tag="003">DLC</controlfield>
  <controlfield tag="005">20120814082435.0</controlfield>
  <controlfield tag="008">940829n| acannaab           |n ana     c</controlfield>
  <datafield tag="010" ind1=" " ind2=" ">
    <subfield code="a">no 94029702 </subfield>
  </datafield>
  <datafield tag="040" ind1=" " ind2=" ">
    <subfield code="a">DJBF</subfield>
    <subfield code="b">eng</subfield>
    <subfield code="c">DJBF</subfield>
    <subfield code="d">DLC</subfield>
  </datafield>
  <datafield tag="111" ind1="2" ind2=" ">
    <subfield code="a">Seminar on Justice in Latin America and the Caribbean in the Nineties--Challenges and Opportunities</subfield>
    <subfield code="d">(1993 :</subfield>
    <subfield code="c">San Jose휍혖, Costa Rica)</subfield>
  </datafield>
  <datafield tag="667" ind1=" " ind2=" ">
    <subfield code="a">THIS 1XX FIELD CANNOT BE USED UNDER RDA UNTIL THIS RECORD HAS BEEN REVIEWED AND/OR UPDATED</subfield>
  </datafield>
  <datafield tag="670" ind1=" " ind2=" ">
    <subfield code="a">Justice and development in Latin America ... 1993:</subfield>
    <subfield code="b">p. vii (Seminar on Justice in Latin America and the Caribbean in the Nineties - Challenges and Opportunities, San Jose휍혖, Costa Rica, Feb. 1993)</subfield>
  </datafield>
</record>